
introduction
@article{Amiti2019,
Author = {Amiti, Mary and Redding, Stephen J. and Weinstein, David E.},
Title = {The Impact of the 2018 Tariffs on Prices and Welfare},
Journal = {Journal of Economic Perspectives},
Volume = {33},
Number = {4},
Year = {2019},
Month = {November},
Pages = {187-210},
DOI = {10.1257/jep.33.4.187},
URL = {https://www.aeaweb.org/articles?id=10.1257/jep.33.4.187}}

@article{Itakura2020,
  title={Evaluating the impact of the US--China trade war},
  author={Itakura, Ken},
  journal={Asian Economic Policy Review},
  volume={15},
  number={1},
  pages={77--93},
  year={2020},
  publisher={Wiley Online Library}
}
